<record><leader>00000cas a22000007a 4500</leader><controlfield tag="001">12086630</controlfield><controlfield tag="008">850528d19121914inuwr ne      0    0eng d</controlfield><datafield ind1=" " ind2=" " tag="010"><subfield code="a">sn 85047909 </subfield></datafield><datafield ind1=" " ind2=" " tag="040"><subfield code="a">NPI</subfield><subfield code="b">eng</subfield><subfield code="c">NPI</subfield><subfield code="d">OCLCQ</subfield></datafield><datafield ind1=" " ind2=" " tag="042"><subfield code="a">msc</subfield></datafield><datafield ind1="0" ind2="4" tag="245"><subfield code="a">The Scott County journal and Scott County Democrat.</subfield></datafield><datafield ind1=" " ind2=" " tag="260"><subfield code="a">Scottsburg, Ind. :</subfield><subfield code="b">S.B. Wells &amp; E.M. Wells,</subfield><subfield code="c">1912-1914.</subfield></datafield><datafield ind1=" " ind2=" " tag="300"><subfield code="a">2 v. :</subfield><subfield code="b">ill.</subfield></datafield><datafield ind1=" " ind2=" " tag="310"><subfield code="a">Weekly</subfield></datafield><datafield ind1="0" ind2=" " tag="362"><subfield code="a">Vol. 29, no. 52 (Dec. 4, 1912)-v. 31, no. 12 (Feb. 25, 1914).</subfield></datafield><datafield ind1=" " ind2=" " tag="752"><subfield code="a">United States</subfield><subfield code="b">Indiana</subfield><subfield code="c">Scott</subfield><subfield code="d">Scottsburg.</subfield></datafield><datafield ind1="0" ind2="4" tag="780"><subfield code="t">Scott County journal (Lexington, Ind.)</subfield><subfield code="w">(DLC)sn 85047910</subfield></datafield><datafield ind1="0" ind2="4" tag="780"><subfield code="t">Scott County Democrat (Lexington, Ind.)</subfield><subfield code="w">(DLC)sn 84038041</subfield></datafield><datafield ind1="0" ind2="0" tag="785"><subfield code="t">Scott County journal (Scottsburg, Ind.)</subfield><subfield code="w">(DLC)sn 85047910</subfield></datafield></record>